<record><leader>00000cas a2200000 a 4500</leader><controlfield tag="001">34111515</controlfield><controlfield tag="008">960131c19949999caudr ne      0    0eng c</controlfield><datafield ind1=" " ind2=" " tag="010"><subfield code="a">sn 95062160 </subfield></datafield><datafield ind1=" " ind2=" " tag="040"><subfield code="a">CNK</subfield><subfield code="b">eng</subfield><subfield code="c">CNK</subfield><subfield code="d">CNK</subfield><subfield code="d">OCLCQ</subfield><subfield code="d">OCLCF</subfield><subfield code="d">OCLCO</subfield><subfield code="d">OCLCA</subfield></datafield><datafield ind1=" " ind2=" " tag="019"><subfield code="a">990538219</subfield><subfield code="a">994347303</subfield></datafield><datafield ind1="1" ind2=" " tag="029"><subfield code="a">AU@</subfield><subfield code="b">000012204526</subfield></datafield><datafield ind1="1" ind2=" " tag="029"><subfield code="a">AU@</subfield><subfield code="b">000044338598</subfield></datafield><datafield ind1="1" ind2=" " tag="029"><subfield code="a">NZ1</subfield><subfield code="b">16072353</subfield></datafield><datafield ind1=" " ind2=" " tag="042"><subfield code="a">pcc</subfield></datafield><datafield ind1=" " ind2=" " tag="043"><subfield code="a">n-us-ca</subfield></datafield><datafield ind1="0" ind2=" " tag="130"><subfield code="a">Ventura County star (Ventura, Calif. : 1994)</subfield></datafield><datafield ind1="1" ind2="0" tag="245"><subfield code="a">Ventura County star.</subfield></datafield><datafield ind1="1" ind2=" " tag="246"><subfield code="i">Sunday issues published as:</subfield><subfield code="a">Ventura County Sunday star</subfield><subfield code="f">Jan. 14, 1996-Dec. 16, 2001</subfield></datafield><datafield ind1=" " ind2=" " tag="260"><subfield code="a">Ventura, Ca. :</subfield><subfield code="b">Scripps Howard Newspapers</subfield></datafield><datafield ind1=" " ind2=" " tag="300"><subfield code="a">v.</subfield></datafield><datafield ind1=" " ind2=" " tag="310"><subfield code="a">Daily</subfield></datafield><datafield ind1="0" ind2=" " tag="362"><subfield code="a">Nov. 22, 1994-</subfield></datafield><datafield ind1=" " ind2=" " tag="530"><subfield code="a">Master negatives are available for duplication from:</subfield><subfield code="b">California Newspaper Microfilm Archive;</subfield><subfield code="c">positive copies may be purchased by the reel; for further information consult the CNMA at:</subfield><subfield code="u">http://cbsr.ucr.edu</subfield></datafield><datafield ind1=" " ind2=" " tag="580"><subfield code="a">Published in several local editions.</subfield></datafield><datafield ind1=" " ind2="0" tag="651"><subfield code="a">Ventura County (Calif.)</subfield><subfield code="v">Newspapers.</subfield></datafield><datafield ind1=" " ind2="7" tag="655"><subfield code="a">Newspapers.</subfield><subfield code="2">fast</subfield><subfield code="0">(OCoLC)fst01423814</subfield></datafield><datafield ind1=" " ind2="7" tag="651"><subfield code="a">California</subfield><subfield code="z">Ventura County.</subfield><subfield code="2">fast</subfield><subfield code="0">(OCoLC)fst01206440</subfield></datafield><datafield ind1=" " ind2=" " tag="752"><subfield code="a">United States</subfield><subfield code="b">California</subfield><subfield code="c">Ventura</subfield><subfield code="d">Ventura.</subfield></datafield><datafield ind1="0" ind2="0" tag="780"><subfield code="t">Ventura County star-free press</subfield><subfield code="w">(DLC)sn 91066455</subfield></datafield><datafield ind1="0" ind2="5" tag="780"><subfield code="t">Camarillo star</subfield><subfield code="w">(DLC)sn2002060275</subfield></datafield><datafield ind1="0" ind2="5" tag="780"><subfield code="t">Moorpark star</subfield><subfield code="w">(DLC)sn2002060276</subfield></datafield><datafield ind1="0" ind2="5" tag="780"><subfield code="t">Simi Valley star</subfield><subfield code="w">(DLC)sn2002060277</subfield></datafield><datafield ind1="0" ind2="5" tag="780"><subfield code="t">Thousand Oaks star</subfield><subfield code="w">(DLC)sn2002060278</subfield></datafield></record>